@misc{brenneck2020,
      title={An Iterative Method for Contour-Based Nonlinear Eigensolvers}, 
      author={Julien Brenneck and Eric Polizzi},
      eprint={2007.03000},
      howpublished ={\url{https://arxiv.org/abs/2007.03000}},
      archivePrefix={arXiv},
      primaryClass={math.NA}
}

@article{gavin2018,
  title = {{{FEAST Eigensolver}} for {{Nonlinear Eigenvalue Problems}}},
  author = {Gavin, Brendan and Miedlar, Agnieszka and Polizzi, Eric},
  year = {2018},
  month = jul,
  volume = {27},
  pages = {107--117},
  issn = {18777503},
  doi = {10.1016/j.jocs.2018.05.006},
  archivePrefix = {arXiv},
  eprint = {1801.09794},
  eprinttype = {arxiv},
  journal = {Journal of Computational Science},
  language = {en}
}

@article{Beyn2012,
	title = "An integral method for solving nonlinear eigenvalue problems",
	journal = "Linear Algebra and its Applications",
	volume = "436",
	number = "10",
	pages = "3839 - 3863",
	year = "2012",
	issn = "0024-3795",
	doi = "https://doi.org/10.1016/j.laa.2011.03.030",
	url = "http://www.sciencedirect.com/science/article/pii/S0024379511002540",
	author = "Wolf-JÃ¼rgen Beyn",
}


@article{guttel2017,
  title = {The Nonlinear Eigenvalue Problem},
  author = {G{\"u}ttel, Stefan and Tisseur, Fran{\c c}oise},
  year = {2017},
  month = may,
  volume = {26},
  pages = {1--94},
  issn = {0962-4929, 1474-0508},
  doi = {10.1017/S0962492917000034},
  journal = {Acta Numerica},
  language = {en}
}

